
@article{niakh2023reduced,
	title={A reduced basis method for frictional contact problems formulated with Nitsche's method},
	author={Niakh, Idrissa and Drouet, Guillaume and Ehrlacher, Virginie and Ern, Alexandre},
	journal={arXiv preprint arXiv:2307.11541},
	year={2023}
}

@article{benaceur2020reduced,
	title={A reduced basis method for parametrized variational inequalities applied to contact mechanics},
	author={Benaceur, Amina and Ern, Alexandre and Ehrlacher, Virginie},
	journal={International Journal for Numerical Methods in Engineering},
	volume={121},
	number={6},
	pages={1170--1197},
	year={2020},
	publisher={Wiley Online Library}
}
