%tnl.bib-------------------------------------------------------------------------------- 
@article {pate,
    AUTHOR = {Buffa, A. and Maday, Y. and Patera, A. T. and
              Prud'homme, C. and Turinici, G.},
     TITLE = {{\it {A} priori} convergence of the greedy algorithm for the
              parametrized reduced basis method},
   JOURNAL = {ESAIM Math. Model. Numer. Anal.},
  FJOURNAL = {ESAIM. Mathematical Modelling and Numerical Analysis},
    VOLUME = {46},
      YEAR = {2012},
    NUMBER = {3},
     PAGES = {595--603},
      ISSN = {0764-583X},
   MRCLASS = {65N99 (41A60 41A65 65N15)},
  MRNUMBER = {2877366},
MRREVIEWER = {Steffen Roch},
       DOI = {10.1051/m2an/2011056},
       URL = {https://doi.org/10.1051/m2an/2011056},
}
@article {podref,
    AUTHOR = {Kunisch, K. and Volkwein, S.},
     TITLE = {Galerkin proper orthogonal decomposition methods for parabolic
              problems},
   JOURNAL = {Numer. Math.},
  FJOURNAL = {Numerische Mathematik},
    VOLUME = {90},
      YEAR = {2001},
    NUMBER = {1},
     PAGES = {117--148},
      ISSN = {0029-599X},
     CODEN = {NUMMA7},
   MRCLASS = {65M60 (35A35 35K20)},
  MRNUMBER = {1868765},
       DOI = {10.1007/s002110100282},
       URL = {http://dx.doi.org/10.1007/s002110100282},
}

@incollection {paterabayes,
    AUTHOR = {Nguyen, N. C. and Rozza, G. and Huynh, D. B. P. and Patera, A.
              T.},
     TITLE = {Reduced basis approximation and a posteriori error estimation
              for parametrized parabolic {PDE}s: application to real-time
              {B}ayesian parameter estimation},
 BOOKTITLE = {Large-scale inverse problems and quantification of
              uncertainty},
    SERIES = {Wiley Ser. Comput. Stat.},
     PAGES = {151--177},
 PUBLISHER = {Wiley, Chichester},
      YEAR = {2011},
   MRCLASS = {65M60 (62F15 65M15)},
  MRNUMBER = {2856655},
MRREVIEWER = {Javier de Frutos},
}


@article {eim04,
    AUTHOR = {Barrault, M. and Maday, Y. and Nguyen, N. C. and
              Patera, A. T.},
     TITLE = {An `empirical interpolation' method: application to efficient
              reduced-basis discretization of partial differential
              equations},
   JOURNAL = {C. R. Math. Acad. Sci. Paris},
  FJOURNAL = {Comptes Rendus Math\'ematique. Acad\'emie des Sciences. Paris},
    VOLUME = {339},
      YEAR = {2004},
    NUMBER = {9},
     PAGES = {667--672},
      ISSN = {1631-073X},
   MRCLASS = {65N99 (41A05)},
  MRNUMBER = {2103208},
       DOI = {10.1016/j.crma.2004.08.006},
       URL = {http://dx.doi.org/10.1016/j.crma.2004.08.006},
}

@article {ohlberger08,
    AUTHOR = {Haasdonk, B. and Ohlberger, M.},
     TITLE = {Reduced basis method for finite volume approximations of
              parametrized linear evolution equations},
   JOURNAL = {M2AN Math. Model. Numer. Anal.},
  FJOURNAL = {M2AN. Mathematical Modelling and Numerical Analysis},
    VOLUME = {42},
      YEAR = {2008},
    NUMBER = {2},
     PAGES = {277--302},
      ISSN = {0764-583X},
   MRCLASS = {76M12 (35A35 35Q35 65M06 76D05)},
  MRNUMBER = {2405149},
MRREVIEWER = {Abdellatif Serghini Mounim},
       DOI = {10.1051/m2an:2008001},
       URL = {http://dx.doi.org/10.1051/m2an:2008001},
}



@article {ser15,
    AUTHOR = {Daversin, C. and Prud'homme, C.},
     TITLE = {Simultaneous empirical interpolation and reduced basis method
              for non-linear problems},
   JOURNAL = {C. R. Math. Acad. Sci. Paris},
  FJOURNAL = {Comptes Rendus Math\'ematique. Acad\'emie des Sciences. Paris},
    VOLUME = {353},
      YEAR = {2015},
    NUMBER = {12},
     PAGES = {1105--1109},
      ISSN = {1631-073X},
   MRCLASS = {65N30},
  MRNUMBER = {3427916},
       DOI = {10.1016/j.crma.2015.08.003},
       URL = {http://dx.doi.org/10.1016/j.crma.2015.08.003},
}


@article {grepl07,
    AUTHOR = {Grepl, M. A. and Maday, Y. and Nguyen, N. C. and
              Patera, A. T.},
     TITLE = {Efficient reduced-basis treatment of nonaffine and nonlinear
              partial differential equations},
   JOURNAL = {M2AN Math. Model. Numer. Anal.},
  FJOURNAL = {M2AN. Mathematical Modelling and Numerical Analysis},
    VOLUME = {41},
      YEAR = {2007},
    NUMBER = {3},
     PAGES = {575--605},
      ISSN = {0764-583X},
   MRCLASS = {35J60 (35K55)},
  MRNUMBER = {2355712},
       DOI = {10.1051/m2an:2007031},
       URL = {http://dx.doi.org/10.1051/m2an:2007031},
}

@article {grepl12,
    AUTHOR = {Grepl, M. A.},
     TITLE = {Certified reduced basis methods for nonaffine linear
              time-varying and nonlinear parabolic partial differential
              equations},
   JOURNAL = {Math. Models Methods Appl. Sci.},
  FJOURNAL = {Mathematical Models and Methods in Applied Sciences},
    VOLUME = {22},
      YEAR = {2012},
    NUMBER = {3},
     PAGES = {1150015, 40},
      ISSN = {0218-2025},
   MRCLASS = {65M15 (35A35 35K55 65M60)},
  MRNUMBER = {2890453},
MRREVIEWER = {Jos{\'e} R. Fern{\'a}ndez},
       DOI = {10.1142/S0218202511500151},
       URL = {http://dx.doi.org/10.1142/S0218202511500151},
}

@article {haasdonk13,
    AUTHOR = {Haasdonk, B.},
     TITLE = {Convergence rates of the {POD}-greedy method},
   JOURNAL = {ESAIM Math. Model. Numer. Anal.},
  FJOURNAL = {ESAIM. Mathematical Modelling and Numerical Analysis},
    VOLUME = {47},
      YEAR = {2013},
    NUMBER = {3},
     PAGES = {859--873},
      ISSN = {0764-583X},
   MRCLASS = {65D15 (37C50)},
  MRNUMBER = {3056412},
       DOI = {10.1051/m2an/2012045},
       URL = {http://dx.doi.org/10.1051/m2an/2012045},
}

@book {stamm16,
    AUTHOR = {Hesthaven, J. S. and Rozza, G. and Stamm, B.},
     TITLE = {Certified reduced basis methods for parametrized partial
              differential equations},
    SERIES = {SpringerBriefs in Mathematics},
      NOTE = {BCAM SpringerBriefs},
 PUBLISHER = {Springer, Cham; BCAM Basque Center for Applied Mathematics,
              Bilbao},
      YEAR = {2016},
     PAGES = {xiii+131},
      ISBN = {978-3-319-22469-5; 978-3-319-22470-1},
   MRCLASS = {65-02 (35J25 35K20)},
  MRNUMBER = {3408061},
       DOI = {10.1007/978-3-319-22470-1},
       URL = {http://dx.doi.org/10.1007/978-3-319-22470-1},
}

@article {rovas06,
    AUTHOR = {Rovas, D. V. and Machiels, L. and Maday, Y.},
     TITLE = {Reduced-basis output bound methods for parabolic problems},
   JOURNAL = {IMA J. Numer. Anal.},
  FJOURNAL = {IMA Journal of Numerical Analysis},
    VOLUME = {26},
      YEAR = {2006},
    NUMBER = {3},
     PAGES = {423--445},
      ISSN = {0272-4979},
     CODEN = {IJNADN},
   MRCLASS = {65M70 (65M15)},
  MRNUMBER = {2241309},
       DOI = {10.1093/imanum/dri044},
       URL = {http://dx.doi.org/10.1093/imanum/dri044},
}

@article {urban14,
    AUTHOR = {Urban, K. and Patera, A. T.},
     TITLE = {An improved error bound for reduced basis approximation of
              linear parabolic problems},
   JOURNAL = {Math. Comp.},
  FJOURNAL = {Mathematics of Computation},
    VOLUME = {83},
      YEAR = {2014},
    NUMBER = {288},
     PAGES = {1599--1615},
      ISSN = {0025-5718},
   MRCLASS = {65M60 (35K15 35K90 65M15)},
  MRNUMBER = {3194123},
MRREVIEWER = {Dami{\'a}n P. Ginestar},
       DOI = {10.1090/S0025-5718-2013-02782-2},
       URL = {http://dx.doi.org/10.1090/S0025-5718-2013-02782-2},
}



@incollection {patera11,
    AUTHOR = {Eftang, J. L. and Patera, A. T. and R{\o}nquist, E.
              M.},
     TITLE = {An {$hp$} certified reduced basis method for parametrized
              parabolic partial differential equations},
 BOOKTITLE = {Spectral and high order methods for partial differential
              equations},
    SERIES = {Lect. Notes Comput. Sci. Eng.},
    VOLUME = {76},
     PAGES = {179--187},
 PUBLISHER = {Springer, Heidelberg},
      YEAR = {2011},
   MRCLASS = {65M60 (35K20)},
  MRNUMBER = {3204815},
       DOI = {10.1007/978-3-642-15337-2_15},
       URL = {http://dx.doi.org/10.1007/978-3-642-15337-2_15},
}

@article {gerbeau14,
    AUTHOR = {Gerbeau, J. and Lombardi, D.},
     TITLE = {Approximated {L}ax pairs for the reduced order integration of
              nonlinear evolution equations},
   JOURNAL = {J. Comput. Phys.},
  FJOURNAL = {Journal of Computational Physics},
    VOLUME = {265},
      YEAR = {2014},
     PAGES = {246--269},
      ISSN = {0021-9991},
   MRCLASS = {65M99 (35Q53)},
  MRNUMBER = {3173146},
MRREVIEWER = {B{\"u}lent Karas{\"o}zen},
       DOI = {10.1016/j.jcp.2014.01.047},
       URL = {http://dx.doi.org/10.1016/j.jcp.2014.01.047},
}

@article {nobile15,
    AUTHOR = {Musharbash, E. and Nobile, F. and Zhou, T.},
     TITLE = {Error analysis of the dynamically orthogonal approximation of
              time dependent random {PDE}s},
   JOURNAL = {SIAM J. Sci. Comput.},
  FJOURNAL = {SIAM Journal on Scientific Computing},
    VOLUME = {37},
      YEAR = {2015},
    NUMBER = {2},
     PAGES = {A776--A810},
      ISSN = {1064-8275},
   MRCLASS = {65M75 (35K20 35R60 65C20 65M12 65M15)},
  MRNUMBER = {3324979},
       DOI = {10.1137/140967787},
       URL = {http://dx.doi.org/10.1137/140967787},
}



@book {vidar,
    AUTHOR = {Thom{\'e}e, V.},
     TITLE = {Galerkin finite element methods for parabolic problems},
    SERIES = {Springer Series in Computational Mathematics},
    VOLUME = {25},
   EDITION = {Second},
 PUBLISHER = {Springer-Verlag, Berlin},
      YEAR = {2006},
     PAGES = {xii+370},
      ISBN = {978-3-540-33121-6; 3-540-33121-2},
   MRCLASS = {65-02 (65M15 65M60)},
  MRNUMBER = {2249024},
}

@ARTICLE{nouy16,
   author = {{Billaud-Friess}, M. and {Nouy}, A.},
    title = {Dynamical model reduction method for solving parameter-dependent dynamical systems},
  journal = {ArXiv e-prints},
archivePrefix = "arXiv",
   eprint = {1604.05706},
 primaryClass = "math.NA",
 keywords = {Mathematics - Numerical Analysis},
     year = 2016,
    month = apr,
   adsurl = {http://adsabs.harvard.edu/abs/2016arXiv160405706B},
  adsnote = {Provided by the SAO/NASA Astrophysics Data System}
}


%theory_vs_coding.bib------------------------------------------------------------------------
@book{pgdbook,
    author    = "Chinesta, F. and Cueto, E.",
    title     = "PGD-Based Modeling of Materials, Structures and Processes",
    year      = "2014",
    publisher = "Springer International Publishing",
    DOI = "10.1007/978-3-319-06182-5",
    SERIES = {ESAFORM Bookseries on Material Forming},
}

@article {Maday_09,
    AUTHOR = {Maday, Y. and Nguyen, N. C. and Patera, A. T. and
              Pau, G. S. H.},
     TITLE = {A general multipurpose interpolation procedure: the magic
              points},
   JOURNAL = {Commun. Pure Appl. Anal.},
  FJOURNAL = {Communications on Pure and Applied Analysis},
    VOLUME = {8},
      YEAR = {2009},
    NUMBER = {1},
     PAGES = {383--404},
      ISSN = {1534-0392},
   MRCLASS = {65D05 (41A05)},
  MRNUMBER = {2449115 (2009i:65016)},
MRREVIEWER = {Luis Verde-Star},
       DOI = {10.3934/cpaa.2009.8.383},
       URL = {http://dx.doi.org/10.3934/cpaa.2009.8.383},
}

@book{forge,
  author = "Benaceur, A. and Ern, A. and Ehrlacher, V.",
  title = "PGD, POD and RB Matlab code",
  year = "https://forge.pleiade.edf.fr/projects/reductionmodele/repository, 2016",
  url = "",
	PUBLISHER = {EDF R\&D, France},
  urldate = {2016-03-01},
}
@PhdThesis{rovas,
 author = {Rovas, D. V.},
 title = {Reduced-Basis output bound methods for parametrized partial differential equations},
 school = {Massachusetts Institute of Technology},
 year = {2003},

}


@article {scm09,
    AUTHOR = {Chen, Yanlai and Hesthaven, Jan S. and Maday, Yvon and
              Rodr{\'{\i}}guez, Jer{\'o}nimo},
     TITLE = {Improved successive constraint method based a posteriori error
              estimate for reduced basis approximation of 2{D} {M}axwell's
              problem},
   JOURNAL = {M2AN Math. Model. Numer. Anal.},
  FJOURNAL = {M2AN. Mathematical Modelling and Numerical Analysis},
    VOLUME = {43},
      YEAR = {2009},
    NUMBER = {6},
     PAGES = {1099--1116},
      ISSN = {0764-583X},
   MRCLASS = {65N30 (65N15 78A25 78M10)},
  MRNUMBER = {2588434},
       DOI = {10.1051/m2an/2009037},
       URL = {http://dx.doi.org/10.1051/m2an/2009037},
}

@article {scm07,
    AUTHOR = {Huynh, D. B. P. and Rozza, G. and Sen, S. and Patera, A. T.},
     TITLE = {A successive constraint linear optimization method for lower
              bounds of parametric coercivity and inf-sup stability
              constants},
   JOURNAL = {C. R. Math. Acad. Sci. Paris},
  FJOURNAL = {Comptes Rendus Math\'ematique. Acad\'emie des Sciences. Paris},
    VOLUME = {345},
      YEAR = {2007},
    NUMBER = {8},
     PAGES = {473--478},
      ISSN = {1631-073X},
   MRCLASS = {93D09 (65K10)},
  MRNUMBER = {2367928},
MRREVIEWER = {Branko Sari{\'c}},
       DOI = {10.1016/j.crma.2007.09.019},
       URL = {http://dx.doi.org/10.1016/j.crma.2007.09.019},
}

@article {scm10,
    AUTHOR = {Huynh, D. B. P. and Knezevic, D. J. and Chen, Y. and
              Hesthaven, J. S. and Patera, A. T.},
     TITLE = {A natural-norm successive constraint method for inf-sup lower
              bounds},
   JOURNAL = {Comput. Methods Appl. Mech. Engrg.},
  FJOURNAL = {Computer Methods in Applied Mechanics and Engineering},
    VOLUME = {199},
      YEAR = {2010},
    NUMBER = {29-32},
     PAGES = {1963--1975},
      ISSN = {0045-7825},
     CODEN = {CMMECC},
   MRCLASS = {65J10 (90C90)},
  MRNUMBER = {2654002},
       DOI = {10.1016/j.cma.2010.02.011},
       URL = {http://dx.doi.org/10.1016/j.cma.2010.02.011},
}

@Article{fixed_point,
author="Hyv{\"a}rinen, Aapo",
title="The Fixed-Point Algorithm and Maximum Likelihood Estimation for Independent Component Analysis",
journal="Neural Processing Letters",
year="1999",
volume="10",
number="1",
pages="1--5",
abstract="The author previously introduced a fast fixed-point algorithm for independent component analysis. The algorithm was derived from objective functions motivated by projection pursuit. In this paper, it is shown that the algorithm is closely connected to maximum likelihood estimation as well. The basic fixed-point algorithm maximizes the likelihood under the constraint of decorrelation, if the score function is used as the nonlinearity. Modifications of the algorithm maximize the likelihood without constraints.",
issn="1573-773X",
doi="10.1023/A:1018647011077",
url="http://dx.doi.org/10.1023/A:1018647011077"
}


@article {Veroy_Patera_05,
    AUTHOR = {Veroy, K. and Patera, A. T.},
     TITLE = {Certified real-time solution of the parametrized steady
              incompressible {N}avier-{S}tokes equations: rigorous
              reduced-basis a posteriori error bounds},
   JOURNAL = {Internat. J. Numer. Methods Fluids},
  FJOURNAL = {International Journal for Numerical Methods in Fluids},
    VOLUME = {47},
      YEAR = {2005},
    NUMBER = {8-9},
     PAGES = {773--788},
      ISSN = {0271-2091},
     CODEN = {IJNFDW},
   MRCLASS = {76D05 (65N15 76M30)},
  MRNUMBER = {2123791 (2005j:76029)},
       DOI = {10.1002/fld.867},
       URL = {http://dx.doi.org/10.1002/fld.867},
}
@article {Ladeveze_Chamoin_2011,
    AUTHOR = {Ladev{\`e}ze, P. and Chamoin, L.},
     TITLE = {On the verification of model reduction methods based on the
              proper generalized decomposition},
   JOURNAL = {Comput. Methods Appl. Mech. Engrg.},
  FJOURNAL = {Computer Methods in Applied Mechanics and Engineering},
    VOLUME = {200},
      YEAR = {2011},
    NUMBER = {23-24},
     PAGES = {2032--2047},
      ISSN = {0045-7825},
     CODEN = {CMMECC},
   MRCLASS = {65N30 (65N15)},
  MRNUMBER = {2795160 (2012e:65275)},
MRREVIEWER = {Jeffrey M. Connors},
       DOI = {10.1016/j.cma.2011.02.019},
       URL = {http://dx.doi.org/10.1016/j.cma.2011.02.019},
}

@incollection {Hinze_05,
    AUTHOR = {Hinze, M. and Volkwein, S.},
     TITLE = {Proper orthogonal decomposition surrogate models for nonlinear
              dynamical systems: error estimates and suboptimal control},
 BOOKTITLE = {Dimension reduction of large-scale systems},
    SERIES = {Lect. Notes Comput. Sci. Eng.},
    VOLUME = {45},
     PAGES = {261--306},
 PUBLISHER = {Springer, Berlin},
      YEAR = {2005},
   MRCLASS = {49M27 (65M99 76D55 76M10 93B11)},
  MRNUMBER = {2503787 (2010d:49047)},
MRREVIEWER = {Ernest Scheiber},
       DOI = {10.1007/3-540-27909-1_10},
       URL = {http://dx.doi.org/10.1007/3-540-27909-1_10},
}

@Article{Prudhomme_02,
 author = {Prud'homme, C. and Rovas, D.V. and Veroy, K. and Machiels, L. and Maday, Y. and Patera, A. and Turinici, G.},
 title = {Reduced--Basis Output Bound Methods for Parametrized Partial Differential Equations},
 journal = {Proceedings SMA Symposium},
 year = { 2002},
 OPTkey = {},
 OPTvolume = {Saarbrücken, Germany. 1},
 OPTnumber = {},
 OPTpages = {pp.1},
 OPTmonth = {},
 OPTnote = {},
 OPTannote = {},
 OPTurl = {},
 OPTurldate = {},
 OPTlastchecked = {},
 OPTdoi = {},
 OPTisbn = {},
 OPTissn = {},
 OPTlocalfile = {},
 OPTabstract = {},
 OPTkeywords = {},
}

@book {rb_book,
    AUTHOR = {Quarteroni, Alfio and Manzoni, Andrea and Negri, Federico},
     TITLE = {Reduced basis methods for partial differential equations},
    SERIES = {Unitext},
    VOLUME = {92},
      NOTE = {An introduction,
              La Matematica per il 3+2},
 PUBLISHER = {Springer, Cham},
      YEAR = {2016},
     PAGES = {xi+296},
      ISBN = {978-3-319-15430-5; 978-3-319-15431-2},
   MRCLASS = {65-02 (35A35)},
  MRNUMBER = {3379913},
}
